@article{coupe2019different,
  title     = {Different languages, similar encoding efficiency: Comparable information rates across the human communicative niche},
  author    = {Coup{\'e}, Christophe and Oh, Yoon Mi and Dediu, Dan and Pellegrino, Fran{\c{c}}ois},
  journal   = {Science advances},
  volume    = {5},
  number    = {9},
  pages     = {eaaw2594},
  year      = {2019},
  publisher = {American Association for the Advancement of Science}
}

@article{shannon1948mathematical,
  title={A mathematical theory of communication},
  author={Shannon, Claude Elwood},
  journal={The Bell system technical journal},
  volume={27},
  number={3},
  pages={379--423},
  year={1948},
  publisher={Nokia Bell Labs}
}

@book{ricoeur2007translation,
  title={On translation},
  author={Ricoeur, Paul},
  year={2007},
  publisher={Routledge}
}

@book{catford1965linguistic,
  title={A linguistic theory of translation},
  author={Catford, John Cunnison},
  volume={31},
  year={1965},
  publisher={Oxford university press London}
}

@article{jixing2013translation,
  title={Translation definitions in different paradigms},
  author={Jixing, Long},
  journal={Canadian Social Science},
  volume={9},
  number={4},
  pages={107},
  year={2013},
  publisher={Canadian Research \& Development Center of Sciences and Cultures; Canadian~â€¦}
}

@book{nida1964toward,
  title={Toward a science of translating: with special reference to principles and procedures involved in Bible translating},
  author={Nida, Eugene Albert},
  year={1964},
  publisher={Brill Archive}
}

@book{bell2016translation,
  title={Translation and translating: Theory and practice},
  author={Bell, Roger T and Candlin, Christopher N},
  year={2016},
  publisher={Routledge}
}

@book{bhattacharyya2015machine,
  title={Machine translation},
  author={Bhattacharyya, Pushpak},
  year={2015},
  publisher={CRC Press}
}

@article{hutchins1992introduction,
  title={An introduction to machine translation},
  author={Hutchins, William John and Somers, Harold L},
  journal={(No Title)},
  year={1992}
}

@article{poibeau20171966,
  title={The 1966 ALPAC report and its consequences},
  author={Poibeau, Thierry},
  year={2017},
  publisher={MIT Press}
}

@article{rivera2022machine,
  title={Machine translation systems and quality assessment: a systematic review},
  author={Rivera-Trigueros, Irene},
  journal={Language Resources and Evaluation},
  volume={56},
  number={2},
  pages={593--619},
  year={2022},
  publisher={Springer}
}

@book{baker2019routledge,
  title={Routledge encyclopedia of translation studies},
  author={Baker, Mona and Saldanha, Gabriela},
  year={2019},
  publisher={Routledge}
}

@article{hutchins2006future,
  title={Future prospects in Machine Translation usage and research},
  author={Hutchins, John},
  journal={Presentation in February},
  year={2006}
}

@inproceedings{allen1987several,
  title={Several studies on natural language and back-propagation},
  author={Allen, Robert B},
  booktitle={Proceedings of the IEEE First International Conference on Neural Networks},
  volume={2},
  number={S 335},
  pages={341},
  year={1987},
  organization={Citeseer}
}

@inproceedings{kalchbrenner2013recurrent,
  title={Recurrent continuous translation models},
  author={Kalchbrenner, Nal and Blunsom, Phil},
  booktitle={Proceedings of the 2013 conference on empirical methods in natural language processing},
  pages={1700--1709},
  year={2013}
}

@article{cho2014learning,
  title={Learning phrase representations using RNN encoder-decoder for statistical machine translation},
  author={Cho, Kyunghyun and Van Merri{\"e}nboer, Bart and Gulcehre, Caglar and Bahdanau, Dzmitry and Bougares, Fethi and Schwenk, Holger and Bengio, Yoshua},
  journal={arXiv preprint arXiv:1406.1078},
  year={2014}
}

@article{sutskever2014sequence,
  title={Sequence to sequence learning with neural networks},
  author={Sutskever, Ilya and Vinyals, Oriol and Le, Quoc V},
  journal={Advances in neural information processing systems},
  volume={27},
  year={2014}
}

@article{bahdanau2014neural,
  title={Neural machine translation by jointly learning to align and translate},
  author={Bahdanau, Dzmitry and Cho, Kyunghyun and Bengio, Yoshua},
  journal={arXiv preprint arXiv:1409.0473},
  year={2014}
}

@article{wu2016google,
  title={Google's neural machine translation system: Bridging the gap between human and machine translation},
  author={Wu, Yonghui and Schuster, Mike and Chen, Zhifeng and Le, Quoc V and Norouzi, Mohammad and Macherey, Wolfgang and Krikun, Maxim and Cao, Yuan and Gao, Qin and Macherey, Klaus and others},
  journal={arXiv preprint arXiv:1609.08144},
  year={2016}
}

@article{vaswani2017attention,
  title={Attention is all you need},
  author={Vaswani, Ashish and Shazeer, Noam and Parmar, Niki and Uszkoreit, Jakob and Jones, Llion and Gomez, Aidan N and Kaiser, {\L}ukasz and Polosukhin, Illia},
  journal={Advances in neural information processing systems},
  volume={30},
  year={2017}
}

@article{deborah2023challenges,
  title={On the challenges of legal translation},
  author={Deborah, CAO},
  journal={Comparative Legilinguistics},
  number={55},
  pages={109--117},
  year={2023},
  publisher={Uniwersytet Adama Mickiewicza}
}

@article{devadas2016history,
  title={THE HISTORY OF INDIAN PENAL CODE},
  author={Devadas, G},
  journal={Editorial Board},
  volume={5},
  number={6},
  pages={102},
  year={2016}
}

@article{dupont2018cryptological,
  title={The cryptological origins of machine translation: From al-kindi to weaver},
  author={Dupont, Quinn},
  journal={University of Washington Seattle},
  pages={1--20},
  year={2018}
}

@article{hutchins2001machine,
  title={Machine translation over fifty years},
  author={Hutchins, W John},
  journal={Histoire epist{\'e}mologie langage},
  volume={23},
  number={1},
  pages={7--31},
  year={2001},
  publisher={Pers{\'e}e-Portail des revues scientifiques en SHS}
}

@article{hutchins2005history,
  title={The history of machine translation in a nutshell},
  author={Hutchins, John},
  journal={Retrieved December},
  volume={20},
  number={2009},
  pages={1--1},
  year={2005}
}

@article{locke1954mechanical,
  title={Mechanical Translation},
  author={Locke, WN and Booth, AD},
  journal={Mechanical Translation: MT: Devoted to the Translation of Languages with the Aid of Machines},
  volume={1},
  pages={1},
  year={1954},
  publisher={Massachusetts Institute of Technology}
}

@article{hutchins1999warren,
  title={Warren weaver memorandum, july 1949},
  author={Hutchins, William John},
  journal={MT News International,(99)},
  year={1999}
}

@inproceedings{weaver1952translation,
  title={Translation},
  author={Weaver, Warren},
  booktitle={Proceedings of the Conference on Mechanical Translation},
  year={1952}
}

@inproceedings{reifler1952first,
  title={The first conference on mechanical translation},
  author={Reifler, Erwin},
  booktitle={Proceedings of the Conference on Mechanical Translation},
  year={1952}
}

@incollection{hutchins1995machine,
  title={Machine translation: A brief history},
  author={Hutchins, W John},
  booktitle={Concise history of the language sciences},
  pages={431--445},
  year={1995},
  publisher={Elsevier}
}

@inproceedings{hutchins2004georgetown,
  title={The Georgetown-IBM experiment demonstrated in January 1954},
  author={Hutchins, W John},
  booktitle={Conference of the Association for Machine Translation in the Americas},
  pages={102--114},
  year={2004},
  organization={Springer}
}

@incollection{hutchins2023machine,
  title={Machine translation: History of research and applications},
  author={Hutchins, W John},
  booktitle={Routledge encyclopedia of translation technology},
  pages={128--144},
  year={2023},
  publisher={Routledge}
}

@inproceedings{vauquois1968survey,
  title={A survey of formal grammars and algorithms for recognition and transformation in mechanical translation.},
  author={Vauquois, Bernard},
  booktitle={Ifip congress (2)},
  volume={68},
  pages={1114--1122},
  year={1968}
}

@inproceedings{berger1994candide,
  title={The Candide system for machine translation},
  author={Berger, Adam and Brown, Peter F and Della Pietra, Stephen A and Della Pietra, Vincent J and Gillett, John R and Lafferty, John and Mercer, Robert L and Printz, Harry and Ures, Lubos},
  booktitle={Human Language Technology: Proceedings of a Workshop held at Plainsboro, New Jersey, March 8-11, 1994},
  year={1994}
}

@incollection{yang2014statistical,
  title={Statistical machine translation},
  author={Yang, Liu and Min, Zhang},
  booktitle={Routledge Encyclopedia of Translation Technology},
  pages={201--212},
  year={2014},
  publisher={Routledge}
}

@article{nagao1984framework,
  title={A framework of a mechanical translation between Japanese and English by analogy principle},
  author={Nagao, Makoto},
  journal={Artificial and human intelligence},
  pages={351--354},
  year={1984}
}

@article{wong2023example,
  title={Example-based machine translation},
  author={Wong, Billy Tak Ming},
  journal={Routledge Encyclopedia of Translation Technology},
  pages={145--159},
  year={2023},
  publisher={Routledge}
}

@article{dorr1994machine,
  title={Machine translation divergences: A formal description and proposed solution},
  author={Dorr, Bonnie},
  journal={Computational linguistics},
  volume={20},
  number={4},
  pages={597--633},
  year={1994}
}

@inproceedings{he2015baidu,
  title={Baidu translate: Research and products},
  author={He, Zhongjun},
  booktitle={Proceedings of the Fourth Workshop on Hybrid Approaches to Translation (HyTra)},
  pages={61--62},
  year={2015}
}

@article{schmitt2019translation,
  title={Translation 4.0--evolution, revolution, innovation or disruption?},
  author={Schmitt, Peter A},
  journal={Lebende Sprachen},
  volume={64},
  number={2},
  pages={193--229},
  year={2019},
  publisher={De Gruyter}
}

@article{devlin2018bert,
  title={Bert: Pre-training of deep bidirectional transformers for language understanding},
  author={Devlin, Jacob and Chang, Ming-Wei and Lee, Kenton and Toutanova, Kristina},
  journal={arXiv preprint arXiv:1810.04805},
  year={2018}
}

@article{radford2018improving,
  title={Improving language understanding by generative pre-training},
  author={Radford, Alec and Narasimhan, Karthik and Salimans, Tim and Sutskever, Ilya and others},
  year={2018},
  publisher={OpenAI}
}

@inproceedings{klamra2023evaluating,
  title={Evaluating the Use of Generative LLMs for Intralingual Diachronic Translation of Middle-Polish Texts into Contemporary Polish},
  author={Klamra, Cezary and Kry{\'n}ska, Katarzyna and Ogrodniczuk, Maciej},
  booktitle={International Conference on Asian Digital Libraries},
  pages={18--27},
  year={2023},
  organization={Springer}
}

@article{yao2023empowering,
  title={Empowering LLM-based machine translation with cultural awareness},
  author={Yao, Binwei and Jiang, Ming and Yang, Diyi and Hu, Junjie},
  journal={arXiv preprint arXiv:2305.14328},
  year={2023}
}